@standard{cpp11,
    type = {Standard},
    edition = {3},
    organization = {ISO/IEC JTC 1/SC 22},
    title = {ISO/IEC 14882:2011},
    subtitle = {Information technology --- Programming languages --- \CC{}},
    url = {http://www.iso.org/iso/home/store/catalogue_ics/catalogue_detail_ics.htm?csnumber=50372},
    date = {2011-09-01}
}
@standard{cpp14,
    type = {Standard},
    edition = {4},
    organization = {ISO/IEC JTC 1/SC 22},
    title = {ISO/IEC 14882:2014},
    subtitle = {Information technology --- Programming languages --- \CC{}},
    url = {http://www.iso.org/iso/home/store/catalogue_ics/catalogue_detail_ics.htm?csnumber=64029},
    year = {2014}
}
@manual{XeonPhi2012,
    abstract = {This document describes new vector instructions for the Intel® Xeon PhiTM coprocessor.},
    organization = {Intel Corporation},
    title = {{Intel® Xeon Phi™ Coprocessor Instruction Set Architecture Reference Manual}},
    year = {2012}
}
