@inbook{str99,
    author = {Stroustrup, Bjarne},
    title = {An Overview of the C++ Programming Language},
    editor = {Zamir, Saba},
    booktitle = {Handbook of Object Technology},
    publisher = {CRC Press LLC},
    address= {Boca Raton, Florida},
    year = {1999},
    isbn = {0849331358},
}

@standard{cpp14,
    type = {Standard},
    edition = {4},
    organization = {ISO/IEC JTC 1/SC 22},
    title = {ISO/IEC 14882:2014},
    subtitle = {Information technology --- Programming languages --- \CC{}},
    url = {http://www.iso.org/iso/home/store/catalogue_ics/catalogue_detail_ics.htm?csnumber=64029},
    year = {2014}
}

@misc{N3759,
    shorthand = {N3759},
    author = {Kretz, Matthias},
    howpublished = {ISO/IEC \CC{} Standards Committee Paper},
    title = {{N3759: SIMD Vector Types}},
    url = {https://wg21.link/n3759},
    year = {2013}
}
@misc{N3814,
    shorthand = {N3814},
    author = {Jeff Snyder and Chandler Carruth},
    howpublished = {ISO/IEC \CC{} Standards Committee Paper},
    title = {{N3814: Call for Compile-Time Reflection Proposals}},
    url = {https://wg21.link/n3814},
    year = {2013}
}
@misc{N3819,
    shorthand = {N3819},
    author = {Sutton, Andrew and Stroustrup, Bjarne and {Dos Reis}, Gabriel},
    howpublished = {ISO/IEC \CC{} Standards Committee Paper},
    title = {{N3819: Concepts Lite Specification}},
    url = {https://wg21.link/n3819},
    year = {2013}
}
@misc{N3831,
    shorthand = {N3831},
    author = {Geva, Robert and Nelson, Clark},
    howpublished = {ISO/IEC \CC{} Standards Committee Paper},
    title = {{N3831: Language Extensions for Vector level parallelism}},
    url = {https://wg21.link/n3831},
    year = {2014}
}
@misc{N3864,
    shorthand = {N3864},
    author = {Fioravante, Matthew},
    howpublished = {ISO/IEC \CC{} Standards Committee Paper},
    title = {{N3864: A constexpr bitwise operations library for \CC{}}},
    url = {https://wg21.link/n3864},
    year = {2014}
}
@misc{N3884,
    shorthand = {N3884},
    author = {Liber, Nevin},
    howpublished = {ISO/IEC \CC{} Standards Committee Paper},
    title = {{N3884: Contiguous Iterators: A Refinement of Random Access Iterators}},
    url = {https://wg21.link/n3884},
    year = {2014}
}
@misc{N3936,
    shorthand = {N3936},
    author = {{Stefanus Du~Toit, ed.}},
    howpublished = {ISO/IEC \CC{} Standards Committee Paper},
    title = {{N3936: Working Draft, Standard for Programming Language \CC{}}},
    url = {https://wg21.link/n3936},
    year = {2014}
}
@misc{N3999,
    shorthand = {N3999},
    author = {Victor Luchangco and Jens Maurer and Michael Wong and others},
    howpublished = {ISO/IEC \CC{} Standards Committee Paper},
    title = {{N3999: Standard Wording for Transactional Memory Support for \CC{}}},
    url = {https://wg21.link/n3999},
    year = {2014}
}
@misc{N4071,
    shorthand = {N4071},
    author = {Hoberock, Jared},
    howpublished = {ISO/IEC \CC{} Standards Committee Paper},
    title = {{N4071: Working Draft, Technical Specification for \CC{} Extensions for Parallelism}},
    url = {https://wg21.link/n4071.htm},
    year = {2014}
}
@misc{N4105,
    shorthand = {N4105},
    address = {Geneva},
    author = {{ISO/IEC JTC1/SC22/WG21}},
    publisher = {International Organization for Standardization},
    title = {{Information technology – Programming languages, their environments and system software interfaces – Technical Specification for \CC{} Extensions for Parallelism}},
    url = {https://wg21.link/n4105},
    year = {2014}
}
@misc{N4156,
    shorthand = {N4105},
    author = {Riegel, Torvald},
    howpublished = {ISO/IEC \CC{} Standards Committee Paper},
    title = {{N4156: Light-Weight Execution Agents Revision 3}},
    url = {https://wg21.link/n4156},
    year = {2014}
}
@misc{N4184,
    shorthand = {N4184},
    author = {Kretz, Matthias},
    howpublished = {ISO/IEC \CC{} Standards Committee Paper},
    title = {{N4184: SIMD Types: The Vector Type \& Operations}},
    url = {https://wg21.link/n4184},
    year = {2014}
}
@misc{N4185,
    shorthand = {N4185},
    author = {Kretz, Matthias},
    howpublished = {ISO/IEC \CC{} Standards Committee Paper},
    title = {{N4185: SIMD Types: The Mask Type \& Write-Masking}},
    url = {https://wg21.link/n4185},
    year = {2014}
}
@misc{N4186,
    shorthand = {N4186},
    author = {Kretz, Matthias and Maurer, Jens},
    howpublished = {ISO/IEC \CC{} Standards Committee Paper},
    title = {{N4186: Supporting Custom Diagnostics and SFINAE}},
    url = {https://wg21.link/n4186},
    year = {2014}
}
@misc{N4238,
    shorthand = {N4238},
    author = {Halpern, Pablo},
    howpublished = {ISO/IEC \CC{} Standards Committee Paper},
    title = {{N4238: An Abstract Model of Vector Parallelism}},
    url = {https://wg21.link/n4238},
    year = {2014}
}
@misc{N4395,
    shorthand = {N4395},
    author = {Kretz, Matthias},
    howpublished = {ISO/IEC \CC{} Standards Committee Paper},
    title = {{N4395: SIMD Types: ABI Considerations}},
    url = {https://wg21.link/n4395},
    year = {2015}
}
@misc{N4454,
    shorthand = {N4454},
    author = {Kretz, Matthias},
    howpublished = {ISO/IEC \CC{} Standards Committee Paper},
    title = {{N4454: SIMD Types Example: Matrix Multiplication}},
    url = {https://wg21.link/n4454},
    year = {2015}
}
@misc{P0058R1,
    shorthand = {P0058R1},
    author = {Hoberock, Jared and Garland, Michael and Giroux Olivier},
    howpublished = {ISO/IEC \CC{} Standards Committee Paper},
    title = {{P0058R1: An Interface for Abstracting Execution}},
    url = {https://wg21.link/p0058r1},
    year = {2016}
}
@misc{P0161R0,
    shorthand = {P0161R0},
    author = {Myers, Nathan},
    howpublished = {ISO/IEC \CC{} Standards Committee Paper},
    title = {{P0161R0: Bitset Iterators, Masks, and Container Operations}},
    url = {https://wg21.link/p0161r0},
    year = {2016}
}
@misc{P0214R0,
    shorthand = {P0214R0},
    author = {Kretz, Matthias},
    howpublished = {ISO/IEC \CC{} Standards Committee Paper},
    title = {{P0214R0: Data-Parallel Vector Types \& Operations}},
    url = {https://wg21.link/p0214r0},
    year = {2016}
}
@misc{P0214R1,
    shorthand = {P0214R1},
    author = {Kretz, Matthias},
    howpublished = {ISO/IEC \CC{} Standards Committee Paper},
    title = {{P0214R1: Data-Parallel Vector Types \& Operations}},
    url = {https://wg21.link/p0214r1},
    year = {2016}
}
@misc{P0214R2,
    shorthand = {P0214R2},
    author = {Kretz, Matthias},
    howpublished = {ISO/IEC \CC{} Standards Committee Paper},
    title = {{P0214R2: Data-Parallel Vector Types \& Operations}},
    url = {https://wg21.link/p0214r2},
    year = {2016}
}
@misc{P0214R3,
    shorthand = {P0214R3},
    author = {Kretz, Matthias},
    howpublished = {ISO/IEC \CC{} Standards Committee Paper},
    title = {{P0214R3: Data-Parallel Vector Types \& Operations}},
    url = {https://wg21.link/p0214r3},
    year = {2017}
}
@misc{P0214R4,
    shorthand = {P0214R4},
    author = {Kretz, Matthias},
    howpublished = {ISO/IEC \CC{} Standards Committee Paper},
    title = {{P0214R4: Data-Parallel Vector Types \& Operations}},
    url = {https://wg21.link/p0214r4},
    year = {2017}
}
@misc{P0214R5,
    shorthand = {P0214R5},
    author = {Kretz, Matthias},
    howpublished = {ISO/IEC \CC{} Standards Committee Paper},
    title = {{P0214R5: Data-Parallel Vector Types \& Operations}},
    url = {https://wg21.link/p0214r5},
    year = {2017}
}
@misc{P0214R6,
    shorthand = {P0214R6},
    author = {Kretz, Matthias},
    howpublished = {ISO/IEC \CC{} Standards Committee Paper},
    title = {{P0214R6: Data-Parallel Vector Types \& Operations}},
    url = {https://wg21.link/p0214r6},
    year = {2017}
}
@misc{P0214R7,
    shorthand = {P0214R7},
    author = {Kretz, Matthias},
    howpublished = {ISO/IEC \CC{} Standards Committee Paper},
    title = {{P0214R7: Data-Parallel Vector Types \& Operations}},
    url = {https://wg21.link/p0214r7},
    year = {2017}
}
@misc{P0214R8,
    shorthand = {P0214R8},
    author = {Kretz, Matthias},
    howpublished = {ISO/IEC \CC{} Standards Committee Paper},
    title = {{P0214R8: Data-Parallel Vector Types \& Operations}},
    url = {https://wg21.link/p0214r8},
    year = {2018}
}
@misc{P0350R0,
    shorthand = {P0350R0},
    author = {Kretz, Matthias},
    howpublished = {ISO/IEC \CC{} Standards Committee Paper},
    title = {{P0350R0: Integrating datapar with parallel algorithms and executors}},
    url = {https://wg21.link/p0350r0},
    year = {2016}
}
@misc{N4582,
    shorthand = {N4582},
    editor = {Smith, Richard},
    organization = {ISO/IEC JTC1/SC22/WG21},
    title = {{Working Draft, Standard for Programming Language \CC{}}},
    url = {https://wg21.link/n4582},
    year = {2016}
}
@misc{N4618,
    shorthand = {N4618},
    editor = {Smith, Richard},
    organization = {ISO/IEC JTC1/SC22/WG21},
    title = {{Working Draft, Standard for Programming Language \CC{}}},
    url = {https://wg21.link/n4618},
    year = {2016}
}
@misc{P0553R1,
    shorthand = {P0553R1},
    author = {Maurer, Jens},
    howpublished = {ISO/IEC \CC{} Standards Committee Paper},
    title = {{P0553R1: Bit operations}},
    url = {https://wg21.link/p0553r1},
    year = {2017}
}
@misc{P0820R0,
    shorthand = {P0820R0},
    author = {Shen, Tim},
    howpublished = {ISO/IEC \CC{} Standards Committee Paper},
    title = {{P0820R0: Feedback on P0214R5}},
    url = {https://wg21.link/p0820r0},
    year = {2017}
}
@misc{P0820R1,
    shorthand = {P0820R1},
    author = {Shen, Tim},
    howpublished = {ISO/IEC \CC{} Standards Committee Paper},
    title = {{P0820R1: Feedback on P0214R5}},
    url = {https://wg21.link/p0820r1},
    year = {2017}
}
@misc{P0851R0,
    shorthand = {P0851R0},
    author = {Kretz, Matthias},
    howpublished = {ISO/IEC \CC{} Standards Committee Paper},
    title = {{P0851R0: simd<T> is neither a product type nor a container type}},
    url = {https://wg21.link/p0851r0},
    year = {2017}
}
@misc{N4659,
    shorthand = {N4659},
    editor = {Smith, Richard},
    organization = {ISO/IEC JTC1/SC22/WG21},
    title = {{Working Draft, Standard for Programming Language \CC{}}},
    url = {https://wg21.link/n4659},
    year = {2017}
}
@misc{P0927R0,
    shorthand = {P0927R0},
    author = {James Dennett and Geoff Romer},
    howpublished = {ISO/IEC \CC{} Standards Committee Paper},
    title = {{P0927R0: Towards A (Lazy) Forwarding Mechanism for \CC{}}},
    url = {https://wg21.link/p0927r0},
    year = {2018}
}

